<?xml version="1.0" encoding="UTF-8"?><collection xmlns="http://www.loc.gov/MARC21/slim"><record><leader>00617nam--2200193-i-4500</leader><controlfield tag="001">000046892</controlfield><controlfield tag="002">20161230</controlfield><controlfield tag="005">20161230201046</controlfield><controlfield tag="008">060222s1000------------r-----000-0-rus-d</controlfield><datafield ind1=" " ind2=" " tag="040"><subfield code="a">IFIN-HH</subfield></datafield><datafield ind1=" " ind2=" " tag="041"><subfield code="a">rus</subfield></datafield><datafield ind1=" " ind2=" " tag="080"><subfield code="a">538.3:530.12</subfield></datafield><datafield ind1="1" ind2=" " tag="100"><subfield code="a">Tonnelat, Marie-antoinette</subfield></datafield><datafield ind1="1" ind2="0" tag="245"><subfield code="a">Osnovi elektromagnetizma i teorii otnositelnosti</subfield><subfield code="c">Marie-antoinette tonnelat</subfield></datafield><datafield ind1=" " ind2=" " tag="260"><subfield code="a">Moskva</subfield><subfield code="b">Inostrannoi Literaturi</subfield><subfield code="c">1962</subfield></datafield><datafield ind1=" " ind2=" " tag="300"><subfield code="a">483P</subfield></datafield><datafield ind1=" " ind2=" " tag="500"><subfield code="a">Titlul Original In Limba Franceza: Les Principles De La Theorie Electromagnetique Et De La Relativite</subfield></datafield><datafield ind1=" " ind2=" " tag="852"><subfield code="a">8511</subfield><subfield code="c">537:538</subfield></datafield><datafield ind1=" " ind2=" " tag="CAT"><subfield code="a">Sys</subfield><subfield code="c">20110607</subfield><subfield code="h">163455</subfield></datafield></record></collection>